<?xml version="1.0" encoding="UTF-8"?><collection xmlns="http://www.loc.gov/MARC21/slim"><record><leader>00448nam--2200133-i-4500</leader><controlfield tag="001">000027955</controlfield><controlfield tag="002">20161230</controlfield><controlfield tag="005">20161230201037</controlfield><controlfield tag="008">060222s1000------------r-----000-0-eng-d</controlfield><datafield ind1=" " ind2=" " tag="080"><subfield code="a">546.791-31:537.374:620.182(043)</subfield></datafield><datafield ind1=" " ind2=" " tag="100"><subfield code="a">Lefebvre, Jean-marc</subfield></datafield><datafield ind1=" " ind2=" " tag="245"><subfield code="a">Contribution a l`etude de la deformation plastique d`une ceramique de structure fluorite: le bioxyde d`uranium. these</subfield></datafield><datafield ind1=" " ind2=" " tag="260"><subfield code="a">Poitiers, Faculte Des Sciences, 1976, 121p</subfield></datafield><datafield ind1=" " ind2=" " tag="852"><subfield code="a">48501</subfield></datafield></record></collection>